@article{escueta2017education,
  title={Education Technology: An Evidence-Based Review},
  author={Escueta, Maya and Quan, Vincent and Nickow, Andre and Oreopoulos, Philip},
  journal={NBER Working Paper},
  number={w23744},
  year={2017}
}

@article{kulik2016effectiveness,
  title={Effectiveness of intelligent tutoring systems: a meta-analytic review},
  author={Kulik, James A and Fletcher, JD},
  journal={Review of educational research},
  volume={86},
  number={1},
  pages={42--78},
  year={2016},
  publisher={Sage Publications Sage CA: Los Angeles, CA}
}

@misc{ccss,
  title={Common Core State Standards: Mathematics},
  url={http://www.corestandards.org/Math/},
  author={{National Governors Association Center for Best Practices, Council of Chief State School Officers}},
  year={2010}
  } 

@article{pane2014effectiveness,
  title={Effectiveness of cognitive tutor algebra I at scale},
  author={Pane, John F and Griffin, Beth Ann and McCaffrey, Daniel F and Karam, Rita},
  journal={Educational Evaluation and Policy Analysis},
  volume={36},
  number={2},
  pages={127--144},
  year={2014},
  publisher={Sage Publications Sage CA: Los Angeles, CA}
}
@article{pane2010experiment,
  title={An experiment to evaluate the efficacy of cognitive tutor geometry},
  author={Pane, John F and McCaffrey, Daniel F and Slaughter, Mary Ellen and Steele, Jennifer L and Ikemoto, Gina S},
  journal={Journal of Research on Educational Effectiveness},
  volume={3},
  number={3},
  pages={254--281},
  year={2010},
  publisher={Taylor \& Francis}
}

@article{roschelle2016online,
  title={Online mathematics homework increases student achievement},
  author={Roschelle, Jeremy and Feng, Mingyu and Murphy, Robert F and Mason, Craig A},
  journal={AERA open},
  volume={2},
  number={4},
  pages={2332858416673968},
  year={2016},
  publisher={SAGE Publications Sage CA: Los Angeles, CA}
}

@article{heffernan2014assistments,
  title={The ASSISTments ecosystem: Building a platform that brings scientists and teachers together for minimally invasive research on human learning and teaching},
  author={Heffernan, Neil T and Heffernan, Cristina Lindquist},
  journal={International Journal of Artificial Intelligence in Education},
  volume={24},
  number={4},
  pages={470--497},
  year={2014},
  publisher={Springer}
}

@article{gelman2012we,
  title={Why we (usually) don't have to worry about multiple comparisons},
  author={Gelman, Andrew and Hill, Jennifer and Yajima, Masanao},
  journal={Journal of Research on Educational Effectiveness},
  volume={5},
  number={2},
  pages={189--211},
  year={2012},
  publisher={Taylor \& Francis}
}

@inproceedings{sales2018bayesian,
  title={Bayesian partial pooling to improve inference across a/b tests in edm},
  author={Sales, A and Patikorn, Thanaporn and Heffernan, Neil T},
  booktitle={Proceeding of the Educational Data Mining Conference},
  year={2018}
}

@article{morris1983parametric,
  title={Parametric empirical Bayes inference: theory and applications},
  author={Morris, Carl N},
  journal={Journal of the American statistical Association},
  volume={78},
  number={381},
  pages={47--55},
  year={1983},
  publisher={Taylor \& Francis Group}
}

@article{casella1985introduction,
  title={An introduction to empirical Bayes data analysis},
  author={Casella, George},
  journal={The American Statistician},
  volume={39},
  number={2},
  pages={83--87},
  year={1985},
  publisher={Taylor \& Francis Group}
}

@article{rubin1981estimation,
  title={Estimation in parallel randomized experiments},
  author={Rubin, Donald B},
  journal={Journal of Educational Statistics},
  volume={6},
  number={4},
  pages={377--401},
  year={1981},
  publisher={Sage Publications Sage CA: Thousand Oaks, CA}
}

@book{rasch,
  title={Probabilistic models for some intelligence and attainment tests.},
  author={Rasch, Georg},
  year={1993},
  publisher={ERIC}
}

@book{van2013handbook,
  title={Handbook of modern item response theory},
  author={van der Linden, Wim J and Hambleton, Ronald K},
  year={2013},
  publisher={Springer Science \& Business Media}
}

@article{anderson1995cognitive,
  title={Cognitive tutors: Lessons learned},
  author={Anderson, John R and Corbett, Albert T and Koedinger, Kenneth R and Pelletier, Ray},
  journal={The journal of the learning sciences},
  volume={4},
  number={2},
  pages={167--207},
  year={1995},
  publisher={Taylor \& Francis}
}

@article{karam2017examining,
  title={Examining the implementation of technology-based blended algebra I curriculum at scale},
  author={Karam, Rita and Pane, John F and Griffin, Beth Ann and Robyn, Abby and Phillips, Andrea and Daugherty, Lindsay},
  journal={Educational Technology Research and Development},
  volume={65},
  number={2},
  pages={399--425},
  year={2017},
  publisher={Springer}
}

@book{raudenbush2002hierarchical,
  title={Hierarchical linear models: Applications and data analysis methods},
  author={Raudenbush, Stephen W and Bryk, Anthony S},
  volume={1},
  year={2002},
  publisher={sage}
}

@article{bloom,
author = {Howard S. Bloom and Stephen W. Raudenbush and Michael J. Weiss and Kristin Porter},
title = {Using Multisite Experiments to Study Cross-Site Variation in Treatment Effects: A Hybrid Approach With Fixed Intercepts and a Random Treatment Coefficient},
journal = {Journal of Research on Educational Effectiveness},
volume = {10},
number = {4},
pages = {817-842},
year  = {2017},
publisher = {Routledge},
doi = {10.1080/19345747.2016.1264518},
URL = { 
        https://doi.org/10.1080/19345747.2016.1264518
    
},
eprint = { 
        https://doi.org/10.1080/19345747.2016.1264518
    
}

}

@article{montgomery2018conditioning,
  title={How conditioning on posttreatment variables can ruin your experiment and what to do about it},
  author={Montgomery, Jacob M and Nyhan, Brendan and Torres, Michelle},
  journal={American Journal of Political Science},
  volume={62},
  number={3},
  pages={760--775},
  year={2018},
  publisher={Wiley Online Library}
}

@misc{ctTechReport,
 title={Acuity Algebra Proficiency Technical Report},
 author={CTB/McGraw-Hill},
 howpublished={Monterey, CA},
 year={2007}
 }