@article{schochet2015statistical,
  title={Statistical theory for the RCT-YES software: Design-based causal inference for RCTs},
  author={Schochet, Peter Z and others},
  journal={Princeton, NJ: Mathematica Policy Research},
  year={2015}
}


@article{freedman2008regression,
  title={On regression adjustments to experimental data},
  author={Freedman, David A},
  journal={Advances in Applied Mathematics},
  volume={40},
  number={2},
  pages={180--193},
  year={2008},
  publisher={Elsevier}
}
